<record><leader>00000cas a22000007a 4500</leader><controlfield tag="001">12597940</controlfield><controlfield tag="008">850925c18719999lauwr ne      0   a0eng d</controlfield><datafield ind1=" " ind2=" " tag="010"><subfield code="a">sn 85034248 </subfield></datafield><datafield ind1=" " ind2=" " tag="040"><subfield code="a">NPU</subfield><subfield code="b">eng</subfield><subfield code="c">NPU</subfield><subfield code="d">NPX</subfield><subfield code="d">PPM</subfield><subfield code="d">LNP</subfield><subfield code="d">OCLCQ</subfield><subfield code="d">DLC</subfield><subfield code="d">OCLCF</subfield></datafield><datafield ind1="0" ind2=" " tag="022"><subfield code="a">2329-4140</subfield><subfield code="2">1</subfield></datafield><datafield ind1="1" ind2=" " tag="029"><subfield code="a">AU@</subfield><subfield code="b">000024693116</subfield></datafield><datafield ind1=" " ind2=" " tag="042"><subfield code="a">msc</subfield><subfield code="a">nsdp</subfield></datafield><datafield ind1=" " ind2=" " tag="043"><subfield code="a">n-us-la</subfield></datafield><datafield ind1="0" ind2="0" tag="050"><subfield code="a">Newspaper</subfield></datafield><datafield ind1="0" ind2="0" tag="082"><subfield code="a">071</subfield><subfield code="2">23</subfield></datafield><datafield ind1="0" ind2=" " tag="130"><subfield code="a">Donaldsonville chief (Donaldsonville, La. : 1871)</subfield></datafield><datafield ind1=" " ind2="4" tag="222"><subfield code="a">The Donaldsonville chief (Donaldsonville, La. 1871. Print)</subfield></datafield><datafield ind1="1" ind2="4" tag="245"><subfield code="a">The Donaldsonville chief.</subfield></datafield><datafield ind1="3" ind2="0" tag="246"><subfield code="a">Chief</subfield></datafield><datafield ind1=" " ind2=" " tag="260"><subfield code="a">Donaldsonville, La. :</subfield><subfield code="b">Linden E. Bentley</subfield></datafield><datafield ind1=" " ind2=" " tag="300"><subfield code="a">v. ;</subfield><subfield code="c">56 cm.</subfield></datafield><datafield ind1=" " ind2=" " tag="310"><subfield code="a">Weekly</subfield></datafield><datafield ind1="0" ind2=" " tag="362"><subfield code="a">Vol. 1, no. 1 (Sept. 16, 1871)-</subfield></datafield><datafield ind1=" " ind2=" " tag="500"><subfield code="a">Title varies slightly: The Chief, Nov. 21, 1974-May 29, 1975.</subfield></datafield><datafield ind1=" " ind2=" " tag="530"><subfield code="a">Archived issues are available in digital format as part of the Library of Congress Chronicling America online collection.</subfield></datafield><datafield ind1=" " ind2=" " tag="580"><subfield code="a">Issues for Nov. 1-15, 1946, include a page of the Gonzales chief with additional masthead and vol. numbering, v. 1, no. 1-v. 1, no. 3.</subfield></datafield><datafield ind1=" " ind2="0" tag="651"><subfield code="a">Donaldsonville (La.)</subfield><subfield code="v">Newspapers.</subfield></datafield><datafield ind1=" " ind2="0" tag="651"><subfield code="a">Gonzales (La.)</subfield><subfield code="v">Newspapers.</subfield></datafield><datafield ind1=" " ind2="7" tag="655"><subfield code="a">Newspapers.</subfield><subfield code="2">fast</subfield><subfield code="0">(OCoLC)fst01423814</subfield></datafield><datafield ind1=" " ind2="7" tag="651"><subfield code="a">Louisiana</subfield><subfield code="z">Donaldsonville.</subfield><subfield code="2">fast</subfield><subfield code="0">(OCoLC)fst01227058</subfield></datafield><datafield ind1=" " ind2="7" tag="651"><subfield code="a">Louisiana</subfield><subfield code="z">Gonzales.</subfield><subfield code="2">fast</subfield><subfield code="0">(OCoLC)fst01229381</subfield></datafield><datafield ind1=" " ind2=" " tag="752"><subfield code="a">United States</subfield><subfield code="b">Louisiana</subfield><subfield code="c">Ascension</subfield><subfield code="d">Donaldsonville.</subfield></datafield><datafield ind1=" " ind2=" " tag="752"><subfield code="a">United States</subfield><subfield code="b">Louisiana</subfield><subfield code="c">Ascension</subfield><subfield code="d">Gonzales.</subfield></datafield><datafield ind1="0" ind2="8" tag="776"><subfield code="i">Online version:</subfield><subfield code="t">Donaldsonville chief (Donaldsonville, La. : 1871 : Online)</subfield><subfield code="x">2329-4159</subfield><subfield code="w">(DLC)  2013218797</subfield><subfield code="w">(OCoLC)846845674</subfield></datafield><datafield ind1="1" ind2=" " tag="787"><subfield code="t">Gonzales chief</subfield><subfield code="g">Nov. 1-15, 1946</subfield></datafield><datafield ind1="4" ind2="1" tag="856"><subfield code="u">http://chroniclingamerica.loc.gov/lccn/sn85034248/issues</subfield></datafield></record>